%% This BibTeX bibliography file was created using BibDesk.
%% http://bibdesk.sourceforge.net/


%% Created for Sami Kanza at 2011-12-15 05:18:39 +0000 


%% Saved with string encoding Unicode (UTF-8) 



@misc{competition,
	Date-Added = {2011-12-15 03:04:42 +0000},
	Date-Modified = {2011-12-15 03:05:21 +0000},
	Title = {ACM Multimedia - http://www.acmmm11.org/content-awards-recognitions.html},
	Year = {2011}}

@misc{BeatDetection,
	Author = {F. Patin},
	Date-Added = {2011-12-11 17:48:08 +0000},
	Date-Modified = {2011-12-11 17:50:58 +0000},
	Howpublished = {Gamedev.net},
	Title = {{Beat Detection Algorithms}},
	Year = {2003}}

@inproceedings{JMIR,
	Author = {Cory Mckay and Ichiro Fujinaga},
	Booktitle = {Proceedings of the International Computer Music Conference},
	Title = {jMIR: Tools for automatic music classification},
	Year = {2009}}

@inproceedings{JAudio,
	Author = {Daniel Mcennis and Cory Mckay and Ichiro Fujinaga},
	Booktitle = {International Conference on Music Information Retrieval},
	Date-Modified = {2011-12-11 17:35:15 +0000},
	Title = {JAudio: A feature extraction library},
	Year = {2005}}

@misc{JFreeChart,
	Date-Added = {2011-12-11 16:08:52 +0000},
	Date-Modified = {2011-12-11 16:10:22 +0000},
	Title = {JFreeChart - http://www.jfree.org/jfreechart/}}

@misc{jsonAPI,
	Date-Added = {2011-12-11 16:07:01 +0000},
	Date-Modified = {2011-12-11 16:07:29 +0000},
	Title = {JSON Simple - http://code.google.com/p/json-simple/}}

@misc{jenAPI,
	Date-Added = {2011-12-11 15:58:41 +0000},
	Date-Modified = {2011-12-11 15:58:52 +0000},
	Title = {Jen API - http://code.google.com/p/jen-api/}}

@misc{citeEcho,
	Date-Added = {2011-12-11 15:57:28 +0000},
	Date-Modified = {2011-12-11 15:57:44 +0000},
	Title = {Echonest - http://the.echonest.com/}}

@misc{citeOpenImaj,
	Date-Added = {2011-12-11 15:51:54 +0000},
	Date-Modified = {2011-12-11 15:52:15 +0000},
	Title = {OpenImaj - http://sourceforge.net/p/openimaj/home/OpenIMAJ/}}

@misc{citeMaven,
	Date-Added = {2011-12-11 14:54:56 +0000},
	Date-Modified = {2011-12-11 14:55:10 +0000},
	Title = {Maven - http://maven.apache.org/}}

@misc{citeOracle,
	Author = {Ellison, L and Miner, B and Oates, E},
	Date-Added = {2011-11-03 14:11:50 +0000},
	Date-Modified = {2011-11-03 14:12:55 +0000},
	Month = {June},
	Title = {Oracle},
	Year = {1997}}

@misc{citeSun,
	Author = {Khosla, V and Bechtolsheim, A and Joy, B and McNealy, S},
	Date-Added = {2011-11-03 14:09:50 +0000},
	Date-Modified = {2011-11-03 14:12:14 +0000},
	Title = {{Sun Microsystems}},
	Year = {1982}}

@misc{citeIlluminatedPair,
	Author = {Williams, L and Kessler R},
	Date-Added = {2011-11-03 14:06:00 +0000},
	Date-Modified = {2011-11-03 14:09:02 +0000},
	Month = {2003},
	Title = {{Pair Programming Illuminated}}}

@inproceedings{citePairProgramming,
	Author = {Cockburn, A and Williams, L},
	Booktitle = {Proceedings of the First International Conference on Extreme Programming and Flexible Processes in Software Engineering (XP2000)},
	Date-Added = {2011-11-03 14:02:24 +0000},
	Date-Modified = {2011-11-03 14:03:56 +0000},
	Title = {The Costs and Benefits of Pair Programming},
	Year = {2000}}

@inproceedings{citeScalability,
	Author = {Bondi, A.B},
	Booktitle = {{Proceedings of the 2nd International Workshop on Software and Performance}},
	Date-Added = {2011-11-03 13:56:24 +0000},
	Date-Modified = {2011-11-03 13:58:58 +0000},
	Pages = {195 - 203},
	Title = {{Characteristics of Scalability and their Impact on Performance}},
	Year = {2000}}

@article{citeCleanroom,
	Author = {Mills, H and Dyer, M and Linger, R},
	Date-Added = {2011-11-03 13:49:42 +0000},
	Date-Modified = {2011-11-03 13:54:40 +0000},
	Journal = {IEEE Software},
	Month = {September},
	Number = {5},
	Pages = {19-25},
	Title = {Cleanroom Software Engineering},
	Volume = {4},
	Year = {1987}}

@misc{buffy,
	Author = {Everingham, M. and Sivic, J and Zisserman, A.},
	Date-Added = {2011-10-20 18:39:29 +0000},
	Date-Modified = {2011-10-20 18:45:58 +0000},
	Title = {{``Hello! My name is... Buffy" - Automatic Naming of Characters in TV video}}}

@book{designRef,
	Author = {Gamma, E. and Helm, R. and Johnson, R. and Vlissides, J.},
	Date-Added = {2011-10-13 23:18:57 +0100},
	Date-Modified = {2011-10-13 23:21:08 +0100},
	Edition = {1st},
	Month = {January},
	Publisher = {Addison Wesley},
	Title = {Design Patterns},
	Year = {1995}}

@book{riskRef,
	Author = {Sommerville, I},
	Date-Added = {2011-10-13 23:06:59 +0100},
	Date-Modified = {2011-10-13 23:25:36 +0100},
	Edition = {8th},
	Month = {June},
	Publisher = {Addison Wesley, Pearson Education},
	Title = {Software Engineering},
	Year = {2007}}

@article{elvis,
	Acmid = {1823751},
	Address = {New York, NY, USA},
	Articleno = {17},
	Author = {Money, Arthur G. and Agius, Harry},
	Doi = {http://doi.acm.org/10.1145/1823746.1823751},
	Issn = {1551-6857},
	Issue = {3},
	Issue_Date = {August 2010},
	Journal = {ACM Trans. Multimedia Comput. Commun. Appl.},
	Keywords = {Video summarization, affect, emotion, personalization, physiological response, semantics, video content},
	Month = {August},
	Numpages = {30},
	Pages = {17:1--17:30},
	Publisher = {ACM},
	Title = {ELVIS: Entertainment-led video summaries},
	Url = {http://doi.acm.org/10.1145/1823746.1823751},
	Volume = {6},
	Year = {2010},
	Bdsk-Url-1 = {http://doi.acm.org/10.1145/1823746.1823751}}

@inproceedings{risplayer,
	Acmid = {1878066},
	Address = {New York, NY, USA},
	Author = {Vald\&\#38;3233;s, Victor and Mart\'{\i}nez, Jos\'{e} M.},
	Booktitle = {Proceedings of the 2010 ACM workshop on Social, adaptive and personalized multimedia interaction and access},
	Doi = {http://doi.acm.org/10.1145/1878061.1878066},
	Isbn = {978-1-4503-0171-8},
	Keywords = {interactive, on-line processing, real-time processing, video abstraction, video summarization},
	Location = {Firenze, Italy},
	Numpages = {6},
	Pages = {9--14},
	Publisher = {ACM},
	Series = {SAPMIA '10},
	Title = {Introducing risplayer: real-time interactive generation of personalized video summaries},
	Url = {http://doi.acm.org/10.1145/1878061.1878066},
	Year = {2010},
	Bdsk-Url-1 = {http://doi.acm.org/10.1145/1878061.1878066}}

@incollection{censor,
	Affiliation = {CLARITY: Centre for Censor Web Technologies, Dublin City University, Ireland},
	Author = {Saman Cooray and Hyowon Lee and Noel O'Connor},
	Booktitle = {Advances in Multimedia Modeling},
	Editor = {Kuo-Tien Lee and Wen-Hsiang Tsai and Hong-Yuan Liao and Tsuhan Chen and Jun-Wei Hsieh and Chien-Cheng Tseng},
	Isbn = {978-3-642-17831-3},
	Keyword = {Computer Science},
	Note = {10.1007/978-3-642-17832-0\_40},
	Pages = {424--434},
	Publisher = {Springer Berlin / Heidelberg},
	Series = {Lecture Notes in Computer Science},
	Title = {A User-Centric System for Home Movie Summarisation},
	Url = {http://dx.doi.org/10.1007/978-3-642-17832-0_40},
	Volume = {6523},
	Year = {2011},
	Bdsk-Url-1 = {http://dx.doi.org/10.1007/978-3-642-17832-0_40}}

@inproceedings{football,
	Acmid = {1282321},
	Address = {New York, NY, USA},
	Author = {Ballan, L. and Bertini, M. and Bimbo, A. Del and Nunziati, W.},
	Booktitle = {Proceedings of the 6th ACM international conference on Image and video retrieval},
	Doi = {http://doi.acm.org/10.1145/1282280.1282321},
	Isbn = {978-1-59593-733-9},
	Keywords = {automatic annotation, person recognition, sport video analysis},
	Location = {Amsterdam, The Netherlands},
	Numpages = {8},
	Pages = {258--265},
	Publisher = {ACM},
	Series = {CIVR '07},
	Title = {Soccer players identification based on visual local features},
	Url = {http://doi.acm.org/10.1145/1282280.1282321},
	Year = {2007},
	Bdsk-Url-1 = {http://doi.acm.org/10.1145/1282280.1282321}}

@inproceedings{ValdesMartinez,
	Acmid = {1463588},
	Address = {New York, NY, USA},
	Author = {Vald\'{e}s, V\'{\i}ctor and Mart\'{\i}nez, Jos\'{e} M.},
	Booktitle = {Proceedings of the 2nd ACM TRECVid Video Summarization Workshop},
	Doi = {http://doi.acm.org/10.1145/1463563.1463588},
	Isbn = {978-1-60558-309-9},
	Keywords = {bbc rushes summarization, on-line processing, trecvid 2008, video abstraction},
	Location = {Vancouver, British Columbia, Canada},
	Numpages = {5},
	Pages = {134--138},
	Publisher = {ACM},
	Series = {TVS '08},
	Title = {Binary tree based on-line video summarization},
	Url = {http://doi.acm.org/10.1145/1463563.1463588},
	Year = {2008},
	Bdsk-Url-1 = {http://doi.acm.org/10.1145/1463563.1463588}}

@inproceedings{ATandTLabsRushes,
	Acmid = {1463565},
	Address = {New York, NY, USA},
	Author = {Liu, Zhu and Zavesky, Eric and Shahraray, Behzad and Gibbon, David and Basso, Andrea},
	Booktitle = {Proceedings of the 2nd ACM TRECVid Video Summarization Workshop},
	Doi = {http://doi.acm.org/10.1145/1463563.1463565},
	Isbn = {978-1-60558-309-9},
	Keywords = {content-based sampling, miracle, salience, subshot, video summarization},
	Location = {Vancouver, British Columbia, Canada},
	Numpages = {5},
	Pages = {21--25},
	Publisher = {ACM},
	Series = {TVS '08},
	Title = {Brief and high-interest video summary generation: evaluating the AT\&\#38;T labs rushes summarizations},
	Url = {http://doi.acm.org/10.1145/1463563.1463565},
	Year = {2008},
	Bdsk-Url-1 = {http://doi.acm.org/10.1145/1463563.1463565}}

@inproceedings{BrnoSummarisation,
	Acmid = {1463567},
	Address = {New York, NY, USA},
	Author = {Beran, V\'{\i}t\v{e}zslav and Hradis, Michal and Zemcik, Pavel and Herout, Adam and \v{R}ezn\'{\i}\v{c}ek, Ivo},
	Booktitle = {Proceedings of the 2nd ACM TRECVid Video Summarization Workshop},
	Doi = {http://doi.acm.org/10.1145/1463563.1463567},
	Isbn = {978-1-60558-309-9},
	Keywords = {image features, summarization, time compression, trecvid evaluation, video},
	Location = {Vancouver, British Columbia, Canada},
	Numpages = {4},
	Pages = {31--34},
	Publisher = {ACM},
	Series = {TVS '08},
	Title = {Video summarization at Brno university of technology},
	Url = {http://doi.acm.org/10.1145/1463563.1463567},
	Year = {2008},
	Bdsk-Url-1 = {http://doi.acm.org/10.1145/1463563.1463567}}

@inproceedings{AutoActionTrailers,
	Acmid = {1178709},
	Address = {New York, NY, USA},
	Author = {Smeaton, Alan F. and Lehane, Bart and O'Connor, Noel E. and Brady, Conor and Craig, Gary},
	Booktitle = {Proceedings of the 8th ACM international workshop on Multimedia information retrieval},
	Doi = {http://doi.acm.org/10.1145/1178677.1178709},
	Isbn = {1-59593-495-2},
	Keywords = {machine learning, movie trailers, video analysis},
	Location = {Santa Barbara, California, USA},
	Numpages = {8},
	Pages = {231--238},
	Publisher = {ACM},
	Series = {MIR '06},
	Title = {Automatically selecting shots for action movie trailers},
	Url = {http://doi.acm.org/10.1145/1178677.1178709},
	Year = {2006},
	Bdsk-Url-1 = {http://doi.acm.org/10.1145/1178677.1178709}}

@inproceedings{BackgroundMusic,
	Acmid = {1027550},
	Address = {New York, NY, USA},
	Author = {Suga, Yoshiharu and Kosugi, Naoko and Morimoto, Masashi},
	Booktitle = {Proceedings of the 12th annual ACM international conference on Multimedia},
	Doi = {http://doi.acm.org/10.1145/1027527.1027550},
	Isbn = {1-58113-893-8},
	Keywords = {content-based retrieval, hashing, monitoring, music continuity, non-stationary noise, spectral peaks},
	Location = {New York, NY, USA},
	Numpages = {8},
	Pages = {120--127},
	Publisher = {ACM},
	Series = {MULTIMEDIA '04},
	Title = {Real-time background music monitoring based on content-based retrieval},
	Url = {http://doi.acm.org/10.1145/1027527.1027550},
	Year = {2004},
	Bdsk-Url-1 = {http://doi.acm.org/10.1145/1027527.1027550}}

@inproceedings{AcousticMetadata,
	Author = {Sano, M. and Sumiyoshi, H. and Shibata, M. and Yagi, N.},
	Booktitle = {Acoustics, Speech, and Signal Processing, 2005. Proceedings. (ICASSP '05). IEEE International Conference on},
	Doi = {10.1109/ICASSP.2005.1415612},
	Issn = {1520-6149},
	Keywords = {content related segment metadata; football stadium crowd noise; live broadcasting acoustic data; live broadcasting speech data; meaning extraction; real-time TV program metadata generation; scene extraction; soccer announcer voice; spectator emotions; speech-to-text conversion; audio signal processing; feature extraction; meta data; speech recognition; sport;},
	Month = {march},
	Pages = {ii/1145 - ii/1148 Vol. 2},
	Title = {Generating metadata from acoustic and speech data in live broadcasting},
	Volume = {2},
	Year = {2005},
	Bdsk-Url-1 = {http://dx.doi.org/10.1109/ICASSP.2005.1415612}}

@inproceedings{TVNewsSubtitling,
	Author = {Garcia, J.E. and Ortega, A. and Lleida, E. and Lozano, T. and Bernues, E. and Sanchez, D.},
	Booktitle = {Broadband Multimedia Systems and Broadcasting, 2009. BMSB '09. IEEE International Symposium on},
	Doi = {10.1109/ISBMSB.2009.5133758},
	Keywords = {TV news subtitling;announcer speech;audio synchronization;automatic speech recognition;broadcast news programs subtitling;deaf people;information society;news redaction computer systems;television companies;text synchronization;handicapped aids;speech recognition;television broadcasting;text analysis;},
	Month = {may},
	Pages = {1 -6},
	Title = {Audio and text synchronization for TV news subtitling based on Automatic Speech Recognition},
	Year = {2009},
	Bdsk-Url-1 = {http://dx.doi.org/10.1109/ISBMSB.2009.5133758}}

@inproceedings{ProcessingDigitalTV,
	Author = {Zhu Liu and Gibbon, D. and Shahraray, B.},
	Booktitle = {Broadband Multimedia Systems and Broadcasting (BMSB), 2010 IEEE International Symposium on},
	Doi = {10.1109/ISBMSB.2010.5463165},
	Keywords = {TV content processing;Web based real time content processing;automatic speech recognition;broadcast monitoring;closed caption extraction;digital TV broadcast;face detection;face recognition;keyword extraction;monitoring service;monitoring system;near duplicate keyframe detection;quality of service;real time multimedia content analysis;shot boundary detection;text normalization;digital television;face recognition;quality of service;speech recognition;telecommunication computing;television broadcasting;},
	Month = {march},
	Pages = {1 -6},
	Title = {Web-based real time content processing and monitoring service for digital TV broadcast},
	Year = {2010},
	Bdsk-Url-1 = {http://dx.doi.org/10.1109/ISBMSB.2010.5463165}}

@inproceedings{BBCRushes,
	Acmid = {1463564},
	Address = {New York, NY, USA},
	Author = {Over, Paul and Smeaton, Alan F. and Awad, George},
	Booktitle = {Proceedings of the 2nd ACM TRECVid Video Summarization Workshop},
	Doi = {http://doi.acm.org/10.1145/1463563.1463564},
	Isbn = {978-1-60558-309-9},
	Keywords = {benchmarking, evaluation, trecvid, video summarization},
	Location = {Vancouver, British Columbia, Canada},
	Numpages = {20},
	Pages = {1--20},
	Publisher = {ACM},
	Series = {TVS '08},
	Title = {The trecvid 2008 BBC rushes summarization evaluation},
	Url = {http://doi.acm.org/10.1145/1463563.1463564},
	Year = {2008},
	Bdsk-Url-1 = {http://doi.acm.org/10.1145/1463563.1463564}}

@inproceedings{Royce,
	Author = {Royce, W.},
	Booktitle = {Proceedings of IEEE WESCON},
	Month = {August},
	Pages = {1--9},
	Title = {Managing the Development of Large Software Systems},
	Volume = {26},
	Year = {1970}}

@misc{Skype,
	Author = {Skype},
	Title = {Skype},
	Url = {http://www.skype.com/intl/en-gb/home},
	Bdsk-Url-1 = {http://www.skype.com/intl/en-gb/home}}

@misc{Eclipse,
	Author = {IBM},
	Month = {November},
	Title = {Eclipse},
	Url = {http://www.eclipse.org/},
	Year = {2001},
	Bdsk-Url-1 = {http://www.eclipse.org/}}

@misc{Subclipse,
	Author = {Eclipse Team},
	Title = {Subclipse},
	Url = {http://subclipse.tigris.org/},
	Bdsk-Url-1 = {http://subclipse.tigris.org/}}

@misc{GoogleDocs,
	Author = {Google},
	Title = {Google Docs},
	Url = {https://docs.google.com},
	Bdsk-Url-1 = {https://docs.google.com}}

@misc{UGForge,
	Author = {University of Southampton},
	Date-Modified = {2011-10-23 13:41:52 +0000},
	Title = {UGForge},
	Url = {https://forge.ecs.soton.ac.uk/},
	Bdsk-Url-1 = {https://forge.ecs.soton.ac.uk/}}

@misc{Project,
	Author = {Microsoft},
	Title = {Microsoft Project},
	Url = {http://www.microsoft.com/project/en/gb/default.aspx?WT.srch=1},
	Bdsk-Url-1 = {http://www.microsoft.com/project/en/gb/default.aspx?WT.srch=1}}

@misc{tvdb,
	Date-Modified = {2011-12-11 15:55:51 +0000},
	Title = {The Television Database - http://thetvdb.com/},
	Bdsk-Url-1 = {http://thetvdb.com/}}

@misc{nlp,
	Date-Modified = {2011-12-11 14:55:55 +0000},
	Title = {Open NLP Library - http://incubator.apache.org/opennlp/},
	Url = {http://incubator.apache.org/opennlp/ OpenNLP Library},
	Bdsk-Url-1 = {http://incubator.apache.org/opennlp/%20OpenNLP%20Library}}

@misc{jdom,
	Date-Modified = {2011-12-11 14:56:27 +0000},
	Title = {JDOM Library - http://www.jdom.org},
	Bdsk-Url-1 = {http://www.jdom.org%20JDOM%20Library}}

@misc{tvdbLibrary,
	Date-Modified = {2011-12-11 15:55:20 +0000},
	Title = {The Television Database library - http://code.google.com/p/javatvdbapi/},
	Bdsk-Url-1 = {http://code.google.com/p/javatvdbapi/}}
